@article{Demchev_2017,
	doi = {10.1109/tgrs.2017.2703084},
	url = {https://doi.org/10.1109%2Ftgrs.2017.2703084},
	year = 2017,
	publisher = {Institute of Electrical and Electronics Engineers ({IEEE})},
	pages = {1--11},
	author = {Denis Demchev and Vladimir Volkov and Eduard Kazakov and Pablo F. Alcantarilla and Stein Sandven and Viktoriya Khmeleva},
	title = {Sea Ice Drift Tracking From Sequential {SAR} Images Using Accelerated-{KAZE} Features},
	journal = {{IEEE} Transactions on Geoscience and Remote Sensing}
}

@article{Demchev_2016,
  title={ВОССТАНОВЛЕНИЕ ПОЛЕЙ ДРЕЙФА МОРСКОГО ЛЬДА ПО ПОСЛЕДОВАТЕЛЬНЫМ СПУТНИКОВЫМ РАДИОЛОКАЦИОННЫМ ИЗОБРАЖЕНИЯМ МЕТОДОМ ПРОСЛЕЖИВАНИЯ ОСОБЫХ ТОЧЕК},
  author={ДЕМЧЕВ, ДЕНИС МИХАЙЛОВИЧ and ВОЛКОВ, ВЛАДИМИР АЛЕКСАНДРОВИЧ and ХМЕЛЕВА, ВИКТОРИЯ СЕРГЕЕВНА and КАЗАКОВ, ЭДУАРД ЭДУАРДОВИЧ},
  journal={ПРОБЛЕМЫ АРКТИКИ И АНТАРКТИКИ},
  number={3},
  pages={5--19},
  year={2016},
  publisher={Государственный научный центр Российской Федерации" Арктический и антарктический научно-исследовательский институт" Федеральной служба России по гидрометеорологии и мониторингу окружающей среды (Санкт-Петербург)}
}

@article{Volkov2016,
  title={СВЯЗЬ КРУПНОМАСШТАБНОЙ ИЗМЕНЧИВОСТИ ПОЛЯ ДРЕЙФА ЛЬДА В СЕВЕРНОМ ЛЕДОВИТОМ ОКЕАНЕ С КЛИМАТИЧЕСКИМИ ИЗМЕНЕНИЯМИ ОБЩЕЙ ЛЕДОВИТОСТИ, ПРОИСХОДЯЩИМИ В ТЕЧЕНИЕ ПОСЛЕДНИХ ДЕСЯТИЛЕТИЙ},
  author={Волков, Владимир Александрович and Мушта, Александра Валерьевна and Демчев, Денис Михайлович and Коржиков, Александр Яковлевич and Сандвен, Стейн},
  journal={Проблемы Арктики и Антарктики},
  number={2},
  pages={50--63},
  year={2016},
  publisher={Государственный научный центр Российской Федерации" Арктический и антарктический научно-исследовательский институт" Федеральной служба России по гидрометеорологии и мониторингу окружающей среды}
}

@article{Kulakov_2015,
	doi = {10.3103/s1068373915120055},
	url = {https://doi.org/10.3103%2Fs1068373915120055},
	year = 2015,
	month = {dec},
	publisher = {Allerton Press},
	volume = {40},
	number = {12},
	pages = {807--813},
	author = {M. Yu. Kulakov and D. M. Demchev},
	title = {Simulation of iceberg drift as a component of ice monitoring in the West Arctic},
	journal = {Russian Meteorology and Hydrology}
}

@article{Mironov2015,
  title={Новые технологии обнаружения айсбергов и прогнозирования их дрейфа в западном секторе Арктики},
  author={Миронов, Евгений Уарович and Смирнов, Владимир Григорьевич and Бычкова, Ирина Анатольевна and Кулаков, Михаил Юрьевич and Демчев, Денис Михайлович},
  journal={Проблемы Арктики и Антарктики},
  number={2},
  pages={21--32},
  year={2015},
  publisher={Государственный научный центр Российской Федерации" Арктический и антарктический научно-исследовательский институт" Федеральной служба России по гидрометеорологии и мониторингу окружающей среды}
}


@article{Volkov_2012,
	doi = {10.1080/1755876x.2012.11020139},
	url = {https://doi.org/10.1080%2F1755876x.2012.11020139},
	year = 2012,
	month = {aug},
	publisher = {Informa {UK} Limited},
	volume = {5},
	number = {2},
	pages = {61--71},
	author = {V A Volkov and N E Ivanov and D M Demchev},
	title = {Application of a vectorial-algebraic method for investigation of spatial-temporal variability of sea ice drift and validation of model calculations in the Arctic Ocean},
	journal = {Journal of Operational Oceanography}
}

@article{Buixad_Farr__2014,
	doi = {10.1080/1088937x.2014.965769},
	url = {https://doi.org/10.1080%2F1088937x.2014.965769},
	year = 2014,
	month = {oct},
	publisher = {Informa {UK} Limited},
	volume = {37},
	number = {4},
	pages = {298--324},
	author = {Albert Buixad{\'{e}} Farr{\'{e}} and Scott R. Stephenson and Linling Chen and Michael Czub and Ying Dai and Denis Demchev and Yaroslav Efimov and Piotr Graczyk and Henrik Grythe and Kathrin Keil and Niku Kivekäs and Naresh Kumar and Nengye Liu and Igor Matelenok and Mari Myksvoll and Derek O{\textquotesingle}Leary and Julia Olsen and Sachin Pavithran.A.P. and Edward Petersen and Andreas Raspotnik and Ivan Ryzhov and Jan Solski and Lingling Suo and Caroline Troein and Vilena Valeeva and Jaap van Rijckevorsel and Jonathan Wighting},
	title = {Commercial Arctic shipping through the Northeast Passage: routes, resources, governance, technology, and infrastructure},
	journal = {Polar Geography}
}

@article{Demchev2009,
  title={Влияние экстремальных перестроек барических систем на ледовую обстановку моря Лаптевых и западной части Восточно-Сибирского моря в навигационный период},
  author={Демчев, Денис Михайлович and Коржиков, Александр Яковлевич},
  journal={Метеорологический вестник},
  volume={2},
  number={4},
  pages={37--49},
  year={2009},
  publisher={Закрытое акционерное общество" Научно-производственный концерн" Промэлектроника"}
}

@ARTICLE{vakbib1,
  author = {Фамилия, И. О.},
  addendum = {(0,28~п.~л.)},
  title = {Название статьи},
  journal = {Журнал},
  year = {2013},
  volume = {1},
  number = {5},
  pages = {100--120},
  language = {russian},
}

@ARTICLE{vakbib2,
  author = {Фамилия, И. О. and Соавтор, И. О. },
  addendum = {(0,33~п.~л.~/ 0,28~п.~л.)},
  title = {Название статьи},
  journal = {Журнал},
  year = {2014},
  volume = {1},
  number = {5},
  pages = {100--120},
  language = {russian},
}

