@inproceedings{confbib1,
  author = {Фамилия, И. О.},
  title = {название тезисов конференции},
  booktitle = {Название сборника},
  year = {2015},
  language = {russian},
}

@CONFERENCE{Kazakov2016,
  author = {Казаков, Э.Э. and Бобылев, Л.П. and Волков, В.А. and Демчев, Д.М.},
  title = {КОМПЛЕКСНАЯ СИСТЕМА СБОРА, КАТАЛОГИЗАЦИИ И ОБРАБОТКИ ПРОСТРАНСТВЕННЫХ ДАННЫХ ДЛЯ ОБЕСПЕЧЕНИЯ МОНИТОРИНГА МОРСКОГО ЛЬДА В АРКТИЧЕСКИХ АКВАТОРИЯХ},
  booktitle = {Современные проблемы дистанционного зондирования Земли из космоса},
  year = {2016},
  language = {russian},
}