% ГОСТ Р 7.0.11-2011, Приложение Б, Книги

@article{girard2009evaluation,
	title={Evaluation of high-resolution sea ice models on the basis of statistical and scaling properties of Arctic sea ice drift and deformation},
	author={Girard, Lucas and Weiss, J{\'e}r{\^o}me and Molines, Jean-Marc and Barnier, Bernard and Bouillon, Sylvain},
	journal={Journal of Geophysical Research: Oceans},
	volume={114},
	number={C8},
	year={2009},
	publisher={Wiley Online Library}
}

@article{Klevancov1996,
	title={Об анализе векторов скорости морских течений},
	author={Клеванцов, ЮП and Микулинская, СМ and Рожков, ВА},
	journal={Метеорология и гидрология},
	number={9},
	pages={96--105},
	year={1996},
	publisher={ОГИЗ-Сельхозиздат}
}

@book{Belyshev1983,
	title={Вероятностный анализ морских течений},
	author={Белышев, Арий Петрович and Клеванцов, Юрий Петрович and Рожков, Валентин Алексеевич},
	year={1983},
	publisher={Гидрометеоиздат}
}

@book{Kochin2013,
	title={Векторное исчисление и начала тензорного исчисления},
	author={Кочин, Николай Евграфович},
	year={2013},
	publisher={Рипол Классик}
}

@article{Smirnov2011,
	title={Спутниковые методы определения характеристик ледяного покрова морей},
	author={Смирнов, ВГ},
	year={2011},
	publisher={ААНИИ}
}

@article{power2001iceberg,
	title={Iceberg detection capabilities of RADARSAT synthetic aperture radar},
	author={Power, Desmond and Youden, James and Lane, Kelley and Randell, Charles and Flett, Dean},
	journal={Canadian Journal of Remote Sensing},
	volume={27},
	number={5},
	pages={476--486},
	year={2001},
	publisher={Taylor \& Francis}
}

@article{Alexandrov1996,
	title={Исследование айсбергов и морских льдов в Антарктике по данным РСА спутника {\guillemotleft}Алмаз-1{\guillemotright}},
	author={Александров, ВЮ and Лощилов, ВС and Проворкин, АВ},
	journal={Айсберги Мирового Океана/Под ред. ИК Попо ва, ВА Воеводина. СПб.: Гидрометеоиздат},
	pages={30--36},
	year={1996}
}

@inproceedings{Dmitriev1995,
	title={Трехмерная гидродинамическая модель дрейфа айсбергов в Баренцевом море: Тезисы II-й международной конференции RAO-95},
	author={Дмитриев, НЕ and Поляков, ИВ},
	booktitle={Тезисы II-й международной конференции RAO-95. СПб},
	pages={165--166},
	year={1995}
}

@article{polyakov1998coupled,
	title={Coupled sea ice-ocean model of the Arctic Ocean},
	author={Polyakov, IV and Kulakov, I Yu and Kolesov, SA and Dmitriev, N Eu and Pritchard, RS and Driver, D and Naumov, AK},
	journal={Journal of Offshore Mechanics and Arctic Engineering},
	volume={120},
	number={2},
	pages={77--84},
	year={1998},
	publisher={American Society of Mechanical Engineers}
}

@article{Buzin2008,
	title={АЙСБЕРГИ И ЛЕДНИКИ БАРЕНЦЕВА МОРЯ: ИССЛЕДОВАНИЯ ПОСЛЕДНИХ ЛЕТ},
	author={Бузин, ИВ and Глазовский, АФ and Гудошников, ЮП and Данилов, АИ and Дмитриев, НЕ and Зубакин, ГК and Кубышкин, НВ and Наумов, АК and Нестеров, АВ and Скутин, АА and others},
	journal={Проблемы Арктики и Антарктики},
	number={1},
	pages={66--80},
	year={2008},
	publisher={Государственный научный центр Российской Федерации" Арктический и антарктический научно-исследовательский институт" Федеральной служба России по гидрометеорологии и мониторингу окружающей среды}
}

@article{Naumov2003,
	title={Льды и айсберги в районе Штокмановского газоконденсатного месторождения},
	author={Наумов, АК and Зубакин, ГК and Гудошников, ЮП and Бузин, ИВ and Скутин, АА},
	journal={Труды RAO-03-Санкт-Петербург},
	volume={1},
	pages={6--1},
	year={2003}
}

@inproceedings{johannessen1999simulation,
	title={Simulation of iceberg drift},
	author={Johannessen, K and L{\o}set, S and Strass, P},
	booktitle={Proceedings 15th International conference on Port and Ocean Engineering under Arctic Conditions, POAC},
	volume={99},
	pages={97--105},
	year={1999}
}

@article{sandford1955tabular,
	title={Tabular icebergs between Spitsbergen and Franz Josef Land},
	author={Sandford, KS},
	journal={The Geographical Journal},
	volume={121},
	number={2},
	pages={164--170},
	year={1955},
	publisher={JSTOR}
}

@book{Koryakin1988,
	title={Ледники Арктики},
	author={Корякин, Владислав Сергеевич},
	year={1988},
	publisher={Наука}
}

@inproceedings{zubakin2007results,
	title={Results of investigations of icebergs, glaciers and their frontal zones in the northeastern part of the Barents sea},
	author={Zubakin, GK and Gudoshnikov, Yu P and Naumov, AK and Glazovsky, AF and Kubyshkin, NV and Buzin, IV and Borodulin, VV and Skutina, EA},
	booktitle={Proceedings of the International Conference on Port and Ocean Engineering Under Arctic Conditions},
	year={2007}
}

@article{bromwich2009development,
	title={Development and testing of polar weather research and forecasting model: 2. Arctic Ocean},
	author={Bromwich, David H and Hines, Keith M and Bai, Le-Sheng},
	journal={Journal of Geophysical Research: Atmospheres},
	volume={114},
	number={D8},
	year={2009},
	publisher={Wiley Online Library}
}

@article{Kulakov2012,
	title={AARI-IOCM-совместная модель циркуляции вод и льдов Северного Ледовитого океана},
	author={Кулаков, Михаил Юрьевич and Макштас, Александр Петрович and Шутилин, Сергей Валерьевич},
	journal={Проблемы Арктики и Антарктики},
	number={2},
	pages={6--18},
	year={2012},
	publisher={Государственный научный центр Российской Федерации" Арктический и антарктический научно-исследовательский институт" Федеральной служба России по гидрометеорологии и мониторингу окружающей среды}
}

@CONFERENCE{Mironov_Smirnov_Iceberg_2015,
  author       = {Миронов, Е.У. and Смирнов, В.Г}, 
  title        = {Мониторинг ледяного покрова и айсбергов для обеспечения гидрометеорологической безопасности разведочного бурения в Карском море},
  booktitle    = {Труды 12-й межд. конф. RAO/CIS Offshore},
  year         = {2015},
  address      = {www.rao-offshore.ru},
  month        = {9},
  organization = {RAO},
  publisher    = {RAO},
  language     = {russian}
}

@article{mcconnell1991psi,
	title={Psi-S correlation and dynamic time warping: two methods for tracking ice floes in SAR images},
	author={McConnell, Ross and Kwok, Ronald and Curlander, John C and Kober, W and Pang, Shirley S},
	journal={Geoscience and Remote Sensing, IEEE Transactions on},
	volume={29},
	number={6},
	pages={1004--1012},
	year={1991},
	publisher={IEEE}
}

@article{daida1990object,
	title={Object-oriented feature-tracking algorithms for SAR images of the marginal ice zone},
	author={Daida, Jason and Samadani, Ramin and Vesecky, John F},
	year={1990}
}

@article{komarov2014sea,
	title={Sea ice motion tracking from sequential dual-polarization {RADARSAT}-2 images},
	author={Komarov, Alexander S and Barber, David G},
	journal= {{IEEE Transactions on Geoscience and Remote Sensing}},
	volume={52},
	number={1},
	pages={121--136},
	year={2014}
}

@article{sun1996automatic,
	title={Automatic ice motion retrieval from ERS-1 SAR images using the optical flow method},
	author={Sun, Yan},
	journal={International Journal of Remote Sensing},
	volume={17},
	number={11},
	pages={2059--2087},
	year={1996},
	publisher={Taylor \& Francis}
}

@article{sar, 
author={W. M. Brown}, 
journal={IEEE Transactions on Aerospace and Electronic Systems}, 
title={Synthetic Aperture Radar}, 
year={1967}, 
volume={AES-3}, 
number={2}, 
pages={217-229}, 
keywords={Azimuth;Circuit noise;Geometry;Interference;Performance analysis;Reflectivity;Signal analysis;Signal resolution;Solid modeling;Synthetic aperture radar;Aperture;radar;resolution;signal-to-noise;synthetic;system}, 
doi={10.1109/TAES.1967.5408745}, 
ISSN={0018-9251}, 
month={March}
}

@article{stroeve2007arctic,
  title={Arctic sea ice decline: Faster than forecast},
  author={Stroeve, Julienne and Holland, Marika M and Meier, Walt and Scambos, Ted and Serreze, Mark},
  journal={Geophysical research letters},
  volume={34},
  number={9},
  year={2007},
  publisher={Wiley Online Library}
}

@article{rampal2011ipcc,
  title={IPCC climate models do not capture Arctic sea ice drift acceleration: Consequences in terms of projected sea ice thinning and decline},
  author={Rampal, P and Weiss, Jerome and Dubois, C and Campin, J-M},
  journal={Journal of Geophysical Research: Oceans},
  volume={116},
  number={C8},
  year={2011},
  publisher={Wiley Online Library}
}

@article{Makshtas1977,
  title={Теплообмен между атмосферой и океаном в Арктическом бассейне через льды различной толщины},
  author={Макштас, АП},
  journal={Тр. ААНИИ},
  volume={347},
  pages={68--74},
  year={1977}
}

@article{jordan1999heat,
  title={Heat budget of snow-covered sea ice at North Pole 4},
  author={Jordan, Rachel E and Andreas, Edgar L and Makshtas, Aleksandr P},
  journal={Journal of Geophysical Research: Oceans},
  volume={104},
  number={C4},
  pages={7785--7806},
  year={1999},
  publisher={Wiley Online Library}
}

@article{Frolov2007_1,
  title={Климатические изменения ледовых условий в арктических морях Евразийского шельфа},
  author={Фролов, ИЕ and Гудкович, ЗМ and Карклин, ВП and Ковалев, ЕГ and Смоляницкий, ВМ},
  journal={Проблемы Арктики и Антарктики},
  number={75},
  pages={149-160},
  year={2007},
  publisher={Государственный научный центр Российской Федерации" Арктический и антарктический научно-исследовательский институт" Федеральной служба России по гидрометеорологии и мониторингу окружающей среды}
}

@misc{Frolov2007_2,
  title={Научные исследования в Арктике. Т. 2. Климатические изменения ледяного покрова морей Евразийского шельфа},
  author={Фролов, ИЕ and Гудкович, ЗМ and Карклин, ВП and Ковалев, ЕГ and Смоляницкий, ВМ},
  year={2007},
  publisher={СПб.: Наука}
}

@article{Frolov2010,
  title={Изменения климата Арктики и Антарктики-результат действия естественных причин},
  author={Фролов, ИЕ and Гудкович, ЗМ and Карклин, ВП and Смоляницкий, ВМ},
  journal={Проблемы Арктики и Антарктики},
  number={2},
  pages={52-61},
  year={2010},
  publisher={Государственный научный центр Российской Федерации" Арктический и антарктический научно-исследовательский институт" Федеральной служба России по гидрометеорологии и мониторингу окружающей среды}
}

@article {Jahn_2016,
author = {Jahn, Alexandra and Kay, Jennifer E. and Holland, Marika M. and Hall, David M.},
title = {How predictable is the timing of a summer ice-free Arctic?},
journal = {Geophysical Research Letters},
volume = {43},
number = {17},
issn = {1944-8007},
url = {http://dx.doi.org/10.1002/2016GL070067},
doi = {10.1002/2016GL070067},
pages = {9113-9120},
keywords = {Sea ice, Modeling, Cryospheric change, Coupled models of the climate system, Arctic, sea ice, predictability},
year = {2016},
note = {2016GL070067},
}

@article {Laliber_2016,
author = {Laliberté, F. and Howell, S. E. L. and Kushner, P. J.},
title = {Regional variability of a projected sea ice-free Arctic during the summer months},
journal = {Geophysical Research Letters},
volume = {43},
number = {1},
issn = {1944-8007},
url = {http://dx.doi.org/10.1002/2015GL066855},
doi = {10.1002/2015GL066855},
pages = {256--263},
keywords = {Sea ice, Modeling, Cryospheric change, Regional climate change, sea ice, modeling, Arctic change, shipping},
year = {2016},
note = {2015GL066855},
}

@article{wang2009sea,
  title={A sea ice free summer Arctic within 30 years?},
  author={Wang, Muyin and Overland, James E},
  journal={Geophysical Research Letters},
  volume={36},
  number={7},
  year={2009},
  publisher={Wiley Online Library}
}

@article{stroeve2007arctic,
  title={Arctic sea ice decline: Faster than forecast},
  author={Stroeve, Julienne and Holland, Marika M and Meier, Walt and Scambos, Ted and Serreze, Mark},
  journal={Geophysical research letters},
  volume={34},
  number={9},
  year={2007},
  publisher={Wiley Online Library}
}

@article{massonnet2012constraining,
  title={Constraining projections of summer Arctic sea ice},
  author={Massonnet, Fran{\c{c}}ois and Fichefet, Thierry and Goosse, Hugues and Bitz, Cecilia M and Philippon-Berthier, Gwena{\"e}lle and Holland, Marika M and Barriat, P-Y},
  journal={The Cryosphere},
  volume={6},
  number={6},
  pages={1383},
  year={2012},
  publisher={Copernicus GmbH}
}

@article{rothrock2008decline,
  title={The decline in arctic sea-ice thickness: Separating the spatial, annual, and interannual variability in a quarter century of submarine data},
  author={Rothrock, DA and Percival, DB and Wensnahan, M},
  journal={Journal of Geophysical Research: Oceans},
  volume={113},
  number={C5},
  year={2008},
  publisher={Wiley Online Library}
}

@article{kwok2009thinning,
  title={Thinning and volume loss of the Arctic Ocean sea ice cover: 2003-2008},
  author={Kwok, R and Cunningham, GF and Wensnahan, M and Rigor, I and Zwally, HJ and Yi, D},
  journal={Journal of Geophysical Research: Oceans},
  volume={114},
  number={C7},
  year={2009},
  publisher={Wiley Online Library}
}

@article{simmonds2015comparing,
  title={Comparing and contrasting the behaviour of Arctic and Antarctic sea ice over the 35 year period 1979-2013},
  author={Simmonds, Ian},
  journal={Annals of Glaciology},
  volume={56},
  number={69},
  pages={18-28},
  year={2015},
  publisher={International Glaciological Society}
}

@article{vaughan2013observations,
	title={Observations: cryosphere},
	author={Vaughan, David G and Comiso, Josefino C and Allison, Ian and Carrasco, Jorge and Kaser, Georg and Kwok, Ronald and Mote, Philip and Murray, Tavi and Paul, Frank and Ren, Jiawen and others},
	journal={Climate change},
	pages={317-382},
	year={2013},
	language = {english}
}

@article{dee2011era,
	title={The ERA-Interim reanalysis: Configuration and performance of the data assimilation system},
	author={Dee, DP and Uppala, SM and Simmons, AJ and Berrisford, Paul and Poli, P and Kobayashi, S and Andrae, U and Balmaseda, MA and Balsamo, G and Bauer, P and others},
	journal={Quarterly Journal of the Royal Meteorological Society},
	volume={137},
	number={656},
	pages={553-597},
	year={2011},
	publisher={Wiley Online Library},
	language = {english}
}

@article{cavalieri1996updated,
	title={updated yearly: Sea ice concentrations from Nimbus-7 SMMR and DMSP SSM/I-SSMIS passive microwave data (1981-2011)},
	author={Cavalieri, DJ and Parkinson, CL and Gloersen, P and Zwally, H},
	journal={National Snow and Ice Data Center, Boulder, CO, digital media.[Available online at doi: 10.5067/8GQ8LZQVL0VL.]},
	year={1996},
	language = {english}
}

@article{park2015attribution,
	title={Attribution of the Recent Winter Sea Ice Decline over the Atlantic Sector of the Arctic Ocean*},
	author={Park, Doo-Sun R and Lee, Sukyoung and Feldstein, Steven B},
	journal={Journal of Climate},
	volume={28},
	number={10},
	pages={4027-4033},
	year={2015},
	language = {english}
}

@article{fily1986extracting,
	title={Extracting sea ice data from satellite SAR imagery},
	author={Fily, Michel and Rothrock, D Andrew},
	journal={IEEE transactions on geoscience and remote sensing},
	number={6},
	pages={849-854},
	year={1986},
	publisher={IEEE},
	language = {english}
}

@BOOK{Sychev,
  author = {Сычёв, М. С.},
  title = {История Астраханвского казачьего войска: учебное пособие},
  address = {Астрахань},
  publisher = {Волга},
  year = {2009},
  numpages = {231},
  language = {russian}
}

@BOOK{Sokolov,
  author = {Соколов, А. Н. and Сердобинцев, К. С.},
  editor = {Бочарова, В. М.},
  address = {Астрахань},
  publisher = {Калиниградский ЮИ МВД России},
  title = {Гражданское общество: проблемы формирования и развития (философский и юридический аспекты): монография},
  year = {2009},
  numpages = {218},
  language = {russian}
}

@BOOK{Gaidaenko,
  author = {Гайдаенко, Т. А.},
  title = {Маркетинговое управление: принципы управленческих решений и российская практика},
  edition = {3-е изд, перераб. и доп.},
  address = {М.},
  publisher = {Эксмо: МИРБИС},
  year = {2008},
  numpages = {508},
  language = {russian}
}

@BOOK{Lermontov,
  author = {Лермонтов, Михаил Юрьевич},
  title = {Собрание сочинений: в 4 т.},
  address = {М.},
  publisher = {Терра-Кн. клуб},
  year = {2009},
  note = {4 т.},
  language = {russian}
}

@BOOK{Management,
  title = {Управление бизнесом: сборник статей},
  address = {Нижний новгород},
  publisher = {Изд-во Нижегородского университета},
  year = {2009},
  numpages = {243},
  language = {russian}
}

@BOOK{Borozda,
  author = {Борозда, И. В. and Воронин, Н. И. and Бушманов, А. В.},
  title = {Лечение сочетанных повреждений таза},
  address = {Владивосток},
  publisher = {Дальнаука},
  year = {2009},
  numpages = {195},
  language = {russian}
}

@BOOK{Marketing,
  author = {Михненков, О. В. and Коготкова, И. З. and Генкин, Е. В. and Сороко, Г. Я.},
  title = {Маркетинговые исследования в строительстве: учебное пособие для студентов специальности «Менеджемент организаций»},
  address = {М.},
  publisher = {Государственный университет управления},
  year = {2005},
  numpages = {59},
  language = {russian}
}

% ГОСТ Р 7.0.11-2011, Приложение Б, Нормативные правовые акты
@BOOK{Constitution,
  title = {Конституция Российской Федерации: офиц. текст.},
  address = {М.},
  publisher = {Маркетинг},
  year = {2001},
  numpages = {39},
  language = {russian}
}

@BOOK{FamilyCode,
  title = {Семейный кодекс Российской Федерации: [федер. закон: принят Гос. Думой 8 дек. 1995~г.: по состоянию на 3~янв. 2001~г.]},
  address = {СПб.},
  publisher = {Стаун-кантри},
  year = {2001},
  numpages = {94},
  language = {russian}
}

% ГОСТ Р 7.0.11-2011, Приложение Б, Стандарты
@BOOK{Gost.7.0.53,
  title = {ГОСТ Р 7.0.53-2007 Система стандартов по информации, библиотечному и издательскому делу. Издания. Международный стандартный книжный номер. Использование и издательское оформление.},
  address = {М.},
  publisher = {Стандартинформ},
  year = {2007},
  numpages = {5},
  language = {russian}
}

% ГОСТ Р 7.0.11-2011, Приложение Б, Депонированные научные работы
@BOOK{Razumovski,
  author = {Разумовский, В. А. and Андреев, Д. А.},
  title = {Управление маркетинговыми исследованиями в регионе},
  address = {М.},
  year = {2002},
  numpages = {210},
  note = {Деп. в ИНИОН Рос. акад. наук 15.02.02, № 139876},
  language = {russian}
}

% ГОСТ Р 7.0.11-2011, Приложение Б, Диссертации
@BOOK{Lagkueva,
  author = {Лагкуева, Ирина Владимировна},
  title = {Особенности регулирования труда творческих работников театров: дис. ... канд. юрид. наук: 12.00.05},
  address = {М.},
  year = {2009},
  numpages = {168},
  language = {russian}
}

@BOOK{Pokrovski,
  author = {Покровский, Андрей Владимирович},
  title = {Устранимые особенности решений эллиптических уравнений: дис. ... д-ра физ.-мат. наук: 01.01.01},
  address = {М.},
  year = {2008},
  numpages = {178},
  language = {russian}
}

% ГОСТ Р 7.0.11-2011, Приложение Б, Авторефераты диссертаций
@BOOK{Sirotko,
  author = {Сиротко, Владимир Викторович},
  title = {Медико-социальные аспекты городского травматизма в современных условиях : автореф. дис. ... канд. мед. наук : 14.00.33},
  address = {М.},
  year = {2006},
  numpages = {26},
  language = {russian}
}

@BOOK{Lukina,
  author = {Лукина, Валентина Александровна},
  title = {Творческая история «Записок охотника» И. С. Тургенева: автореф. дис. ... канд. филол. наук : 10.01.01},
  address = {СПб.},
  year = {2006},
  numpages = {26},
  language = {russian}
}

% ГОСТ Р 7.0.11-2011, Приложение Б, Отчёты о научно-исследовательской работе
@BOOK{Methodology,
  author = {Загорюев, А. Л.},
  title = {Методология и методы изучения военно-профессиональной направленности подростков: отчёт о НИР},
  address = {Екатеринбург},
  institution = {Уральский институт практической психологии},
  year = {2008},
  numpages = {102},
  language = {russian}
}

% ГОСТ Р 7.0.11-2011, Приложение Б, Электронные ресурсы
@BOOK{Encyclopedia,
  title = {Художественная энциклопедия зарубежного классического искусства [Электронный ресурс]},
  address = {М.},
  publisher = {Большая Рос. энкцикл.},
  year = {1996},
  note = {1 электрон. опт. диск (CD-ROM)},
  language = {russian}
}

@ARTICLE{Nasirova,
  author = {Насырова, Г. А.},
  title = {Модели государственного регулирования страховой деятельности [Электронный ресурс]},
  journal = {Вестник Финансовой академии},
  year = {2003},
  number = {4},
  note = {Режим доступа: http://vestnik.fa.ru/4(28)2003/4.html},
  language = {russian}
}

% ГОСТ Р 7.0.11-2011, Приложение Б, Статьи

@ARTICLE{Berestova,
  author = {Берестова, Т. Ф.},
  title = {Поисковые инструмены библиотеки},
  journal = {Библиография},
  year = {2006},
  number = {4},
  pages = {19},
  language = {russian}
}

@ARTICLE{Kriger,
  author = {Кригер, И.},
  title =  {Бумага терпит},
  journal = {Новая газета},
  year = {2009},
  note = {1 июля},
  language = {russian}
}


% Examples from https://verbosus.com/bibtex-style-examples.html
@ARTICLE{Article,
  author   = {Peter Adams},
  title    = {The title of the work},
  journal  = {The name of the journal},
  year     = {1993},
  number   = {2},
  pages    = {201-213},
  month    = {7},
  note     = {An optional note},
  volume   = {4},
  language = {english}
}

@BOOK{Book,
  author    = {Peter Babington}, 
  title     = {The title of the work},
  publisher = {The name of the publisher},
  year      = {1993},
  volume    = {4},
  series    = {10},
  address   = {The address},
  edition   = {3},
  month     = {7},
  note      = {An optional note},
  isbn      = {3257227892},
  language  = {english}
}

@BOOKLET{Booklet,
  title        = {The title of the work},
  author       = {Peter Caxton}, 
  howpublished = {How it was published},
  address      = {The address of the publisher},
  month        = {7},
  year         = {1993},
  note         = {An optional note},
  language     = {english}
}


@INBOOK{Inbook,
  author       = {Peter Eston},
  title        = {The title of the work},
  booktitle    = {Book title},
  chapter      = {8},
  pages        = {201-213},
  publisher    = {The name of the publisher},
  year         = {1993},
  volume       = {4},
  series       = {5},
  address      = {The address of the publisher},
  edition      = {3},
  month        = {7},
  note         = {An optional note},
  language     = {english}
}

@INCOLLECTION{Incollection,
  author       = {Peter Farindon},
  title        = {The title of the work},
  booktitle    = {The title of the book},
  publisher    = {The name of the publisher},
  year         = {1993},
  editor       = {The editor},
  volume       = {4},
  series       = {5},
  chapter      = {8},
  pages        = {201-213},
  address      = {The address of the publisher},
  edition      = {3},
  month        = {7},
  note         = {An optional note},
  language     = {english}
}

@MANUAL{Manual,
  title        = {The title of the work},
  author       = {Peter Gainsford}, 
  organization = {The organization},
  address      = {The address of the publisher},
  edition      = {3},
  month        = {7},
  year         = {1993},
  note         = {An optional note},
  language     = {english}
}

@MASTERSTHESIS{Mastersthesis,
  author       = {Peter Harwood},
  title        = {The title of the work},
  school       = {The school where the thesis was written},
  year         = {1993},
  address      = {The address of the publisher},
  month        = {7},
  note         = {An optional note},
  language     = {english}
}

@MISC{Misc,
  author       = {Peter Isley},
  title        = {The title of the work},
  howpublished = {How it was published},
  month        = {7},
  year         = {1993},
  note         = {An optional note},
  language     = {english}
}

@PHDTHESIS{Phdthesis,
  author       = {Peter Joslin}, 
  title        = {The title of the work},
  school       = {The school where the thesis was written},
  year         = {1993},
  address      = {The address of the publisher},
  month        = {7},
  note         = {An optional note},
  language     = {english}
}

@PROCEEDINGS{Proceedings,
  title        = {The title of the work},
  year         = {1993},
  editor       = {Peter Kidwelly},
  volume       = {4},
  series       = {5},
  address      = {The address of the publisher},
  month        = {7},
  organization = {The organization},
  publisher    = {The name of the publisher},
  note         = {An optional note},
  language     = {english}
}

@TECHREPORT{Techreport,
  author       = {Peter Lambert},
  title        = {The title of the work},
  institution  = {The institution that published},
  year         = {1993},
  number       = {2},
  address      = {The address of the publisher},
  month        = {7},
  note         = {An optional note},
  language     = {english}
}

@UNPUBLISHED{Unpublished,
  author       = {Peter Marcheford}, 
  title        = {The title of the work},
  note         = {An optional note},
  month        = {7},
  year         = {1993},
  language     = {english}
}

%%% Реальные примеры

% Инициалы должны быть записаны после запятой, с точками, через пробел
% http://www.kit-e.ru/articles/elcomp/2006_12_124.php
% Подчёркивания в ссылке приходится экранировать
% http://www.kit-e.ru/articles/elcomp/2006\_12\_124.php
@online{medvedev2006jelektronnye,
  title={Электронные компоненты и монтажные подложки},
  author={Медведев, А. М.},
  journal={Компоненты и технологии},
  number={12},
  pages={124--134},
  year={2006},
  medium={Электронный ресурс},
  url = {http://www.kit-e.ru/articles/elcomp/2006\_12\_124.php},
  urldate = {19.01.2015},
  language = {russian}
}

% Real example
% & в названии журнала надо экранировать
% 10.1002/1521-4125(200007)23:7<581::AID-CEAT581>3.0.CO;2-P
% < > в ссылке приходится экранировать %3C и %3E, а потом ещё знаки процента в них экранировать
% 10.1002/1521-4125(200007)23:7%3C581::AID-CEAT581%3E3.0.CO;2-P
% 10.1002/1521-4125(200007)23:7\%3C581::AID-CEAT581\%3E3.0.CO;2-P
% url не нужен. если запись о бумажной публикации
@article {CEAT:CEAT581,
  author = {Deiters, U. K.},
  title = {A Modular Program System for the Calculation of Thermodynamic Properties of Fluids},
  journal = {Chemical Engineering \& Technology},
  volume = {23},
  number = {7},
  publisher = {WILEY-VCH Verlag},
  issn = {1521-4125},
  doi = {10.1002/1521-4125(200007)23:7\%3C581::AID-CEAT581\%3E3.0.CO;2-P},
  pages = {581--584},
  year = {2000},
  language = {english}
}

% Real with  4 authors
@article{doi:10.1080/01932691.2010.513279,
  author = { {\relax Y}oung-{\relax S}ang   Cho  and  {\relax Y}oung   {\relax K}uk   Kim  and  {\relax K}ook   {\relax C}hae   Chung  and  {\relax C}hul   {\relax J}in   Choi },
  title = {Deformation of Colloidal Crystals for Photonic Band Gap Tuning},
  journal = {Journal of Dispersion Science and Technology},
  volume = {32},
  number = {10},
  pages = {1408-1415},
  year = {2011},
  doi = {10.1080/01932691.2010.513279},
  language = {english}
}

% doi with (), author with umlaut or other unicode or specific symbols, 9 authors
% latex don't like Gösele1999161 in ref
% Умляуты в авторах понимаются из-за поддержки в юникодной странице pdflatex и xelatex
% Иллюстрация того, что будет. если на английской записи будут поставлена пометка, что язык русский
@article{Gosele1999161,
  title = "Wafer bonding for microsystems technologies ",
  journal = "Sensors and Actuators A: Physical ",
  volume = "74",
  number = "1–3",
  pages = "161 - 168",
  year = "1999",
  issn = "0924-4247",
  doi = "10.1016/S0924-4247(98)00310-0",
  author = "Gösele, U. and Tong, Q.-Y. and Schumacher, A. and Kräuter, G. and Reiche, M. and Plößl, A. and Kopperschmidt, P. and Lee, T.-H. and Kim, W.-J.",
  keywords = "Wafer bonding",
  keywords = "Fusion bonding",
  keywords = "Pressure sensors",
  keywords = "Interface reactions",
  keywords = "Hydrophilic bonding",
  keywords = "Hydrophobic bonding",
  language = {russian}
}

% Real example (from Google or Springer)
% unmodified styles don't know %language = {English}
% язык писать с маленьких
% иллюстрация incollection
% 10.1007/0-387-32989-7_45
% Подчёркивания в DOI приходится экранировать
% 10.1007/0-387-32989-7\_45
@incollection{Li2007StressAnalysis,
  year={2007},
  isbn={978-0-387-27974-9},
  booktitle={Micro- and Opto-Electronic Materials and Structures: Physics, Mechanics, Design, Reliability, Packaging},
  editor={Suhir, E. and Lee, Y. C. and Wong, C. P.},
  doi={10.1007/0-387-32989-7\_45},
  title={Stress Analysis for Processed Silicon Wafers and Packaged Micro-devices},
  publisher={Springer US},
  author={Li, {\relax L}i and Guo, {\relax Y}ifan and Zheng, {\relax D}awei},
  pages={B677-B709},
  language={english}
}

% Real, β sign 
% inputenc don't know β sign %aluminosilicate-β-quartz
% Знаки типа β, которые не знает таблица кодировки, с которой работает компилятор нужно заменять на latex команды
% doi должен быть без http://dx.doi.org/
@article{Shoji199895,
title = "Low-temperature anodic bonding using lithium aluminosilicate-$\beta$-quartz glass ceramic",
journal = "Sensors and Actuators A: Physical",
volume = "64",
number = "1",
pages = "95 - 100",
year = "1998",
note = "Tenth \{IEEE\} International Workshop on Micro Electro Mechanical Systems ",
issn = "0924-4247",
doi = "10.1016/S0924-4247(97)01659-2",
author = {{\relax S}huichi Shoji and {\relax H}iroto Kikuchi and {\relax H}irotaka Torigoe},
keywords = "Anodic bonding",
keywords = "Low-temperature bonding",
keywords = "Micro assembly",
keywords = "Micro package",
keywords = "Glass ceramic",
}


% from urlbst package
% Example from Jason Eisner, by mail (nothing special about the entry,
% but he seemed to be having formatting problems with unsrturl and proceedings
% entries.
% http://cs.jhu.edu/~jason/papers/#icassp07
@InProceedings{test:eisner-sample,
  author =       {Damianos Karakos and Sanjeev Khudanpur and Jason
                  Eisner and Carey~E. Priebe},
  title =        {Iterative denoising using {J}ensen-{R}enyi
                  divergences with an application to unsupervised
                  document categorization},
  booktitle =    {Proceedings of ICASSP},
  year =         2007,
  url =          {http://cs.jhu.edu/~jason/papers/\#icassp07}
}

% Попытка записать патент имеющимися средствами
@Book{iofis_patent1960,
  title                    = {Способ пайки керамики с~керамикой и~стекла с~металлом: а.\,с.~126728 СССР},
  author                   = {Иофис, Н. А.},
  year                     = {1960},
  numpages                 = {Бюл. № 5.~1},
  language                 = {russian}
}

% Попытка записать патент имеющимися средствами
@Book{AB_patent_Pomerantz_1968,
  title                    = {Anodic bonding: patent no. 3397278 US},
  author                   = {Pomerantz, D. I.},
  year                     = {1968},
  language                 = {english}
}

